
@ARTICLE{Alferov-Nobel,
  author={Zhores I. Alferov},
  title={The Double Hetero Structure: Concept and its applications in physics, electronics and technology},
  journal={Nobel lectures},
  year={2000},
  pages={413--441},
  month ={December},
}

@article{Baranov-EL1998,
  author={Baranov, A. N. and Rouillard, Y. and Boissier, G. and Grech, P. and Gaillard, S. and Alibert, C.},
  title={Sb-based monolithic VCSEL operating near 2.2 $\mu$m at room temperature},
  journal={Electronics Letters},
  volume={34},
  number={3},
  pages={281--282},
  year={1998}
}

@BOOK{NFO-Agrawal,
  author={Agrawal, Govind P.},
  title={Nonlinear Fiber Optics},
  publisher={Academic Press},
  year={2001},
  address={Sandiego, CA},
  edition={3rd},
}

@PHDTHESIS{TapioNiemi-PhD,
   author={Tapio Niemi},
   school={Helsinki University of Technology},
   title={Dispersion measurements of fiber-optic components and applications of a novel tunable filter for optical communications},
   year={2002},
   address={Espoo},
}

@MASTERSTHESIS{AnttiIsomaki-MSc,
  author={Antti Isomäki},
  title={Semiconductor mirrors for optical noise suppression and dispersion compensation},
  school={Tampere University of Technology},
  year={2003},
  month={March},
  address={Tampere},
}

@MANUAL{SOPRA-manual,
  title={Winelli version 4.07},
  author={SOPRA S.A.},
  address={France},
  month={April},
  year={1997},
}

@MISC{Salokatve-USPAT-6327293,
  author={Arto K. Salokatve and Juan L. A. Chilla},
  organization={Coherent Inc, Santa Clara, CA},
  title="{US patent 6,327,293: Optically-pumped external-mirror vertical-cavity semiconductor-laser}",
  year={1998},
}

@MISC{SNLO-software,
  author={Arlee V. Smith},
  organization={Sandia National Laboratories},
  address={Albuquerque, NM 87185-1423},
  title="{SNLO nonlinear optics code version 40}",
  url={http://www.sandia.gov/imrl/XWEB1128/xxtal.htm}
}

@Misc{fys41pruju,
  title="Fysiikan työt 1 -opintomoniste, 4.1 Valon nopeuden mittaus",
  note="[Moodle-oppimisalusta].
    Haettu 14.07.2015
    Saatavissa: https://moodle.tut.fi/ > FYS-1010 > Aineistot > Opintomoniste > 4.1 Valon nopeuden mittaus"
}
@Misc{fys41ohje,
  title="Fysiikan työt 1 -työohje, 4.1 Valon nopeuden mittaus",
  note="[Moodle-oppimisalusta].
    Haettu 14.07.2015
    Saatavissa: https://moodle.tut.fi/ > FYS-1010 > Aineistot > Työohjeet > 4.1 Valon nopeuden mittaus"
}
@Book{MAOL,
  title="Work in Progress MAOL"
}

@Misc{universalSpeedLimit,
  title="Notes on Special Relativity",
  author="Michael Fowler, University of Virginia",
  url="http://galileo.phys.virginia.edu/classes/252/SpecRelNotes.pdf",
  note="Haettu 14.07.2015"
}

@Misc{metreDef,
  title="Resolutions of the CGPM: 17th meeting (17-21 October 1983)",
  url="http://www.bipm.org/en/CGPM/db/17/1/"
}
